@INPROCEEDINGS{Yan-mobisys-2011,
  author = {Yan, Bo and Chen, Guanling},
  title = {AppJoy: Personalized Mobile Application Discovery},
  booktitle = {Proceedings of the 9th International Conference on Mobile Systems,
	Applications, and Services},
  year = {2011},
  series = {MobiSys '11},
  pages = {113--126},
  address = {New York, NY, USA},
  publisher = {ACM},
  acmid = {2000007},
  doi = {10.1145/1999995.2000007},
  isbn = {978-1-4503-0643-0},
  keywords = {application usage pattern, collaborative filtering, personalized recommendation},
  location = {Bethesda, Maryland, USA},
  numpages = {14},
  url = {http://doi.acm.org/10.1145/1999995.2000007}
}

@INPROCEEDINGS{Shi-sigkdd-2012,
  author = {Shi, Kent and Ali, Kamal},
  title = {GetJar Mobile Application Recommendations with Very Sparse Datasets},
  booktitle = {Proceedings of the 18th ACM SIGKDD International Conference on Knowledge
	Discovery and Data Mining},
  year = {2012},
  series = {KDD '12},
  pages = {204--212},
  address = {New York, NY, USA},
  publisher = {ACM},
  acmid = {2339563},
  doi = {10.1145/2339530.2339563},
  isbn = {978-1-4503-1462-6},
  keywords = {PCA, evaluation, mobile application, recommender system, sparse data},
  location = {Beijing, China},
  numpages = {9},
  url = {http://doi.acm.org/10.1145/2339530.2339563}
}
@article{Sebastiani:2002:MLA:505282.505283,
 author = {Sebastiani, Fabrizio},
 title = {Machine Learning in Automated Text Categorization},
 journal = {ACM Comput. Surv.},
 issue_date = {March 2002},
 volume = {34},
 number = {1},
 month = mar,
 year = {2002},
 issn = {0360-0300},
 pages = {1--47},
 numpages = {47},
 url = {http://doi.acm.org/10.1145/505282.505283},
 doi = {10.1145/505282.505283},
 acmid = {505283},
 publisher = {ACM},
 address = {New York, NY, USA},
 keywords = {Machine learning, text categorization, text classification},
} 
@article{debole2005analysis,
  title={An analysis of the relative hardness of Reuters-21578 subsets},
  author={Debole, Franca and Sebastiani, Fabrizio},
  journal={Journal of the American Society for Information Science and technology},
  volume={56},
  number={6},
  pages={584--596},
  year={2005},
  publisher={Wiley Online Library}
}